@misc{anandtech_galaxyS2,
   author  = {Brian Klug and Anand Lal Shimpi},
   title   = {Samsung Galaxy S 2 (Internation) Review - The Best, Redefined},
   year    = {2011},
   howpublished = {\url{http://www.anandtech.com/Show/Index/4686?cPage=13\&all=False\&sort=0\&page=15\&slug=samsung-galaxy-s-2-international-review-the-best-redefined}}
}

@misc{anandtech_lg_optimus,
   author  = {Brian Klug and Anand Lal Shimpi},
   title   = {LG Optimus 2X \& NVIDIA Tegra 2 Review: The First Dual-Core Smartphone},
   year    = {2011},
   howpublished = {\url{http://www.anandtech.com/show/4144/lg-optimus-2x-nvidia-tegra-2-review-the-first-dual-core-smartphone/5}}
}

@misc{anandtech_ipad2,
   author  = {Anand Lal Shimpi, Brian Klug, Vivek Gowri},
   title   = {iPad2 Preview},
   year    = {2011},
   howpublished = {\url{http://www.anandtech.com/show/4215/apple-ipad-2-benchmarked-dualcore-cortex-a9-powervr-sgx-543mp2/2}}
}

@misc{32_bit_windows,
   author  = {Romain Guy},
   title   = {Bitmap quality, banding and dithering},
   year    = {2010},
   howpublished = {\url{http://www.curious-creature.org/2010/12/08/bitmap-quality-banding-and-dithering/}}
}

@misc{Walton10,
    author = {Steven Walton}
    title = {Nvidia GeForce GTX 480 Review: Fermi Arrives}
    year = {2010}
    howpublished = {\url{http://www.techspot.com/review/263-nvidia-geforce-gtx-480/page2.html}}
}

@misc{Elhasson05,
    author = {Ikrima Elhasson}
    title = {Fast Texture Downloads and Readbacks using Pixel Buffer Objects in OpenGL}
    year = {2005}
    howpublished = {\url{http://developer.download.nvidia.com/assets/gamedev/docs/Fast_Texture_Transfers.pdf?display=style-table}}
}

@misc{Walton10,
    author = {Steven Walton}
    title = {Nvidia GeForce GTX 480 Review: Fermi Arrives}
    year = {2010}
    howpublished = {\url{http://www.techspot.com/review/263-nvidia-geforce-gtx-480/page2.html}}
}

@inproceedings{Antochi04,
   title = {Memory Bandwidth Requirements of Tile-Based Rendering},
   author = {Iosef Antochi},
   publisher = {SAMOS},
   year = {2004},
   pages = {10}
}

@misc{GLSurfaceView,
    author = {Google Android}
    title = {GLSurfaceView}
    year = {2011}
    howpublished = {\url{http://developer.android.com/reference/android/opengl/GLSurfaceView.html}}
}

@misc{motorola_texture,
    author = {Motorola}
    title = {Understanding Texture Compression}
    year = {2011}
    howpublished = {\url{http://developer.motorola.com/docstools/library/understanding-texture-compression/}}
}

@misc{arb_texture_compression,
    author = {Sebastian Domine}
    title = {Using Texture Compression in OpenGL}
    year = {2000}
    howpublished = {\url{ http://www.oldunreal.com/editing/s3tc/ARB_texture_compression.pdf}}
}

@misc{fast_mobile_shaders,
    author = {Aras Pranckevicius and Renaldas Zioma}
    title = {Fast Mobile Shaders}
    year = {2011}
    howpublished = {\url{ http://blogs.unity3d.com/2011/08/18/fast-mobile-shaders-talk-at-siggraph/}}
}

@misc{unity_graphics_perf,
    author = {Unity}
    title = {Optimizing Graphics Performance}
    howpublished = {\url{http://unity3d.com/support/documentation/Manual/Optimizing%20Graphics\%20Performance.html}}
}

@misc{ios_shader_tricks,
    author = {Aras Pranckevicius}
    title = {iOS Shader Tricks, or it's 2001 all over again}
    year = {2011}
    howpublished = {\url {http://aras-p.info/blog/2011/02/01/ios-shader-tricks-or-its-2001-all-over-again/}}
}

@misc{lightmaps,
    author = {Kurt Miller}
    title = {Lightmaps (Static Shadowmaps)}
    year = {1999}
    howpublished = {\url{ http://www.flipcode.com/archives/Lightmaps_Static_Shadowmaps.shtml}}
}

@misc{bloom,
    author = {Philip Rideout}
    title = {  }

}

@misc{apple_vertex,
    author = {Apple}
    title = {Best Practices for Working with Vertex Data}
    year = {2011}
    howpublished = {\url{http://developer.apple.com/library/ios/#documentation/3DDrawing/Conceptual/OpenGLES_ProgrammingGuide/TechniquesforWorkingwithVertexData/TechniquesforWorkingwithVertexData.html#//apple_ref/doc/uid/TP40008793-CH107-SW1}}
}

@inproceedings{illustrative,
    author = {Jason Mitchell, Moby Francke, Dhabih Eng}
    title = {Illustrative Rendering in Team Fortress 2}
    publisher = {International Symposium on Non-Photorealistic Animation and Rendering}
    year = {2007}
}
